% @comment{Struktur kann hier eingesehen werden: https://en.wikipedia.org/wiki/BibTeX}
% @comment{WICHTIG: Es darf nirgendwo ein &-Zeichen verwendet werden! Immer auf "und" oder "and" wechseln!}
%
% @comment{Firmennamen/Eigennamen, die exakt so dargestellt werden sollen, müssen in doppelten geschweiften Klammern geschrieben werden}
%
% @comment{Ein Autor würde einfach "Nachname, Vorname" stehen, bei mehreren Autoren immer ein "and" dazwischen packen - übersetzt wird es automatisch}

@misc{BavariaIpsum,
	author = {{aurum:media}},
	title = {Bavaria Ipsum},
	year = {2012},
	url = {http://bavaria-ipsum.de/},
	note = {Online abgerufen am 16. Dezember 2020},
}

@article{HeiseHarterWettbewerb,
	author = {Schüler, Peter and Tonekaboni, Keywan},
	title = {Harter Wettbewerb},
	subtitle = {Sieben Messenger gegen WhatsApp},
	journal = {c't},
	volume = {11},
	year = {2019},
	pages = {72--79},
}

@image{HDBWLogo,
	author = {{Hochschule der Bayerischen Wirtschaft (HDBW) gemeinnützige GmbH}},
	title = {HDBW Logo},
	year = {2020},
	url = {
	       https://www.hdbw-hochschule.de/templates/hdbw2017/images/hdbw-logo.svg
	       },
	note = {Online abgerufen am 16. Dezember 2020},
}

@online{SecLists/XSSPayloadbox,
	author = {{danielmiessler/seclists}},
	title = {XSS-payloadbox.txt},
	year = {2024},
	url = {
	       https://github.com/danielmiessler/SecLists/blob/master/Fuzzing/XSS/human-friendly/XSS-payloadbox.txt
	       },
	note = {Last accessed at 04/04/2024},
}

@online{cr0hn/NoSQLWordlists,
	author = {{cr0hn/nosqlinjection_wordlists}},
	title = {mongodb_noqsli.txt},
	year = {2021},
	url = {
	       https://github.com/cr0hn/nosqlinjection_wordlists/blob/master/mongodb_nosqli.txt
	       },
	note = {Last accessed at 04/04/2024},
}

@online{PayloadsAllTheThings/NoSQLInjection,
	author = {{pentest-tools/PayloadsAllTheThings}},
	title = {NoSQL injection},
	year = {2022},
	url = {
	       https://gitlab.com/pentest-tools/PayloadsAllTheThings/tree/master/NoSQL%20Injection
	       },
	note = {Last accessed at 04/04/2024},
}

@online{HackTricks/WAFBypass,
	author = {{HackTricks Team}},
	title = {WAF Bypass},
	year = {2024},
	url = {
	       https://book.hacktricks.xyz/network-services-pentesting/pentesting-web/waf-bypass
	       },
	note = {Last accessed at 04/04/2024},
}

@online{Cisco/SnortRulesDownload,
	author = {Cisco},
	title = {Rules},
	year = {2024},
	url = {https://www.snort.org/downloads#rules},
	note = {Last accessed at 04/04/2024},
}

@online{Cisco/SnortRulesDocs,
	author = {Cisco},
	title = {Snort Rules},
	year = {2024},
	url = {https://docs.snort.org/start/rules},
	note = {Last accessed at 04/04/2024},
}

@online{wargio/naxsiRules,
	author = {{wargio/naxsi}},
	title = {naxsi_rules},
	year = {2024},
	url = { https://github.com/wargio/naxsi/tree/main/naxsi_rules },
	note = {Last accessed at 04/04/2024},
}

@online{OWASP/CRS,
	author = {{OWASP Foundation, Inc}},
	title = {OWASP ModSecurity Core Rule Set (CRS)},
	year = {2024},
	url = { https://coreruleset.org/ },
	note = {Last accessed at 04/04/2024},
}

@online{OWASP/BrokenAccessControl,
	author = {{OWASP Foundation, Inc}},
	title = {A01:2021 – Broken Access Control)},
	year = {2021},
	url = { https://owasp.org/Top10/A01_2021-Broken_Access_Control/ },
	note = {Last accessed at 04/04/2024},
}

@online{OWASP/Injection,
	author = {{OWASP Foundation, Inc}},
	title = {A1:2017-Injection},
	year = {2017},
	url = { https://owasp.org/www-project-top-ten/2017/A1_2017-Injection },
	note = {Last accessed at 04/04/2024},
}

@online{OWASP/Risks2017,
	author = {{OWASP Foundation, Inc}},
	title = {OWASP Top 10 Application Security Risks - 2017},
	year = {2017},
	url = { https://owasp.org/www-project-top-ten/2017/Top_10.html },
	note = {Last accessed at 04/04/2024},
}

@online{OWASP/Risks2021,
	author = {{OWASP Foundation, Inc}},
	title = {OWASP Top 10 - 2021},
	year = {2021},
	url = { https://owasp.org/Top10/ },
	note = {Last accessed at 04/04/2024},
}

@online{OWASP/Top10,
	author = {{OWASP Foundation, Inc}},
	title = {OWASP Top Ten},
	year = {2021},
	url = { https://owasp.org/www-project-top-ten/ },
	note = {Last accessed at 04/04/2024},
}
