@comment {Struktur kann hier eingesehen werden: https://en.wikipedia.org/wiki/BibTeX}
@comment {WICHTIG: Es darf nirgendwo ein &-Zeichen verwendet werden! Immer auf "und" oder "and" wechseln!}

@comment {Firmennamen/Eigennamen, die exakt so dargestellt werden sollen, müssen in doppelten geschweiften Klammern geschrieben werden}
@misc{BavariaIpsum,
	author={{aurum:media}},
	title={Bavaria Ipsum},
	year={2012},
	url={http://bavaria-ipsum.de/},
	note={Online abgerufen am 16. Dezember 2020}
}

@comment {Ein Autor würde einfach "Nachname, Vorname" stehen, bei mehreren Autoren immer ein "and" dazwischen packen - übersetzt wird es automatisch}
@article{HeiseHarterWettbewerb,
	author={Schüler, Peter and Tonekaboni, Keywan},
	title={Harter Wettbewerb},
	subtitle={Sieben Messenger gegen WhatsApp},
	journal={c't},
	volume={11},
	year={2019},
	pages={72--79},
}

@misc{HDBWLogo,
	author={{Hochschule der Bayerischen Wirtschaft (HDBW) gemeinnützige GmbH}},
	title={HDBW Logo},
	year={2020},
	url={https://www.hdbw-hochschule.de/templates/hdbw2017/images/hdbw-logo.svg},
	note={Online abgerufen am 16. Dezember 2020}
}