% Encoding: UTF-8
@InCollection{AlexNet,
  author    = {Alex Krizhevsky and Ilya Sutskever and Geoffrey E. Hinton},
  title     = {{ImageNet} Classification with Deep Convolutional Neural Networks},
  booktitle = {Advances in Neural Information Processing Systems 25},
  publisher = {Curran Associates, Inc.},
  year      = {2012},
  pages     = {1097--1105},
}

@online{mk/aurebesh,
	author = {{Martin Kleppe}},
	title = {aurebesh.js - Translate JavaScript to other writing systems.},
	url = { https://aem1k.com/aurebesh.js/#A%2CB%2CC%2CD%2CE%2CF%2CG%2CH },
	note = {Last accessed at 21/06/2024},
}

@online{mk/jsfuck,
	author = {{Martin Kleppe}},
	title = {JSFuck},
	url = { https://jsfuck.com/ },
	note = {Last accessed at 21/06/2024},
}

@Comment{jabref-meta: databaseType:bibtex;}
