% @comment{Struktur kann hier eingesehen werden: https://en.wikipedia.org/wiki/BibTeX}
% @comment{WICHTIG: Es darf nirgendwo ein &-Zeichen verwendet werden! Immer auf "und" oder "and" wechseln!}
%
% @comment{Firmennamen/Eigennamen, die exakt so dargestellt werden sollen, müssen in doppelten geschweiften Klammern geschrieben werden}
%
% @comment{Ein Autor würde einfach "Nachname, Vorname" stehen, bei mehreren Autoren immer ein "and" dazwischen packen - übersetzt wird es automatisch}

@misc{BavariaIpsum,
	author = {{aurum:media}},
	title = {Bavaria Ipsum},
	year = {2012},
	url = {http://bavaria-ipsum.de/},
	note = {Online abgerufen am 16. Dezember 2020},
}

@article{HeiseHarterWettbewerb,
	author = {Schüler, Peter and Tonekaboni, Keywan},
	title = {Harter Wettbewerb},
	subtitle = {Sieben Messenger gegen WhatsApp},
	journal = {c't},
	volume = {11},
	year = {2019},
	pages = {72--79},
}

@image{HDBWLogo,
	author = {{Hochschule der Bayerischen Wirtschaft (HDBW) gemeinnützige GmbH}},
	title = {HDBW Logo},
	year = {2020},
	url = {
	       https://www.hdbw-hochschule.de/templates/hdbw2017/images/hdbw-logo.svg
	       },
	note = {Online abgerufen am 16. Dezember 2020},
}

@online{SecLists/XSSPayloadbox,
	author = {{danielmiessler/seclists}},
	title = {XSS-payloadbox.txt},
	year = {2024},
	url = {
	       https://github.com/danielmiessler/SecLists/blob/master/Fuzzing/XSS/human-friendly/XSS-payloadbox.txt
	       },
	note = {Last accessed at 04/04/2024},
}

@online{cr0hn/NoSQLWordlists,
	author = {{cr0hn/nosqlinjection_wordlists}},
	title = {mongodb_noqsli.txt},
	year = {2021},
	url = {
	       https://github.com/cr0hn/nosqlinjection_wordlists/blob/master/mongodb_nosqli.txt
	       },
	note = {Last accessed at 04/04/2024},
}

@online{PayloadsAllTheThings/NoSQLInjection,
	author = {{pentest-tools/PayloadsAllTheThings}},
	title = {NoSQL injection},
	year = {2022},
	url = {
	       https://gitlab.com/pentest-tools/PayloadsAllTheThings/tree/master/NoSQL%20Injection
	       },
	note = {Last accessed at 04/04/2024},
}

@online{HackTricks/WAFBypass,
	author = {{HackTricks Team}},
	title = {WAF Bypass},
	year = {2024},
	url = {
	       https://book.hacktricks.xyz/network-services-pentesting/pentesting-web/waf-bypass
	       },
	note = {Last accessed at 04/04/2024},
}

@online{Cisco/SnortRulesDownload,
	author = {Cisco},
	title = {Rules},
	year = {2024},
	url = {https://www.snort.org/downloads#rules},
	note = {Last accessed at 04/04/2024},
}

@online{Cisco/SnortRulesDocs,
	author = {Cisco},
	title = {Snort Rules},
	year = {2024},
	url = {https://docs.snort.org/start/rules},
	note = {Last accessed at 04/04/2024},
}

@online{wargio/naxsiRules,
	author = {{wargio/naxsi}},
	title = {naxsi\_rules},
	year = {2024},
	url = { https://github.com/wargio/naxsi/tree/main/naxsi_rules },
	note = {Last accessed at 04/04/2024},
}

@online{OWASP/CRS,
	author = {{OWASP Foundation, Inc}},
	title = {OWASP ModSecurity Core Rule Set (CRS)},
	year = {2024},
	url = { https://coreruleset.org/ },
	note = {Last accessed at 04/04/2024},
}

@online{OWASP/BrokenAccessControl,
	author = {{OWASP Foundation, Inc}},
	title = {A01:2021 – Broken Access Control)},
	year = {2021},
	url = { https://owasp.org/Top10/A01_2021-Broken_Access_Control/ },
	note = {Last accessed at 04/04/2024},
}

@online{OWASP/Injection,
	author = {{OWASP Foundation, Inc}},
	title = {A1:2017-Injection},
	year = {2017},
	url = { https://owasp.org/www-project-top-ten/2017/A1_2017-Injection },
	note = {Last accessed at 04/04/2024},
}

@online{OWASP/Risks2017,
	author = {{OWASP Foundation, Inc}},
	title = {OWASP Top 10 Application Security Risks - 2017},
	year = {2017},
	url = { https://owasp.org/www-project-top-ten/2017/Top_10.html },
	note = {Last accessed at 04/04/2024},
}

@online{OWASP/Risks2021,
	author = {{OWASP Foundation, Inc}},
	title = {OWASP Top 10 - 2021},
	year = {2021},
	url = { https://owasp.org/Top10/ },
	note = {Last accessed at 04/04/2024},
}

@online{OWASP/Top10,
	author = {{OWASP Foundation, Inc}},
	title = {OWASP Top Ten},
	year = {2021},
	url = { https://owasp.org/www-project-top-ten/ },
	note = {Last accessed at 04/04/2024},
}

@online{secjuice/wafeva3,
	author = {{theMiddle}},
	title = {Web Application Firewall (WAF) Evasion Techniques #3},
	year = {2018},
	url = { https://www.secjuice.com/web-application-firewall-waf-evasion/ },
	note = {Last accessed at 08/04/2024},
}

@online{secjuice/wafeva2,
	author = {{theMiddle}},
	title = {Web Application Firewall (WAF) Evasion Techniques #3},
	year = {2018},
	url = {
	       https://medium.com/secjuice/web-application-firewall-waf-evasion-techniques-2-125995f3e7b0
	       },
	note = {Last accessed at 08/04/2024},
}

@online{secjuice/wafeva1,
	author = {{theMiddle}},
	title = {Web Application Firewall (WAF) Evasion Techniques #3},
	year = {2017},
	url = { https://medium.com/secjuice/waf-evasion-techniques-718026d693d8 },
	note = {Last accessed at 08/04/2024},
}

@online{exploringes6/templatelit,
	author = {{Dr. Axel Rauschmayer}},
	title = {Exploring ES6, Chapter: Template literals},
	url = { https://exploringjs.com/es6/ch_template-literals.html },
	note = {Last accessed at 24/04/2024},
}


@online{onecons/wafbypass,
	author = {{Rafael Scheel}},
	title = {Web Application Firewall Bypass},
	year = {2016},
	url = {
	       https://www.oneconsult.com/de/blog/pentesters-diary/web-application-firewall-bypass/
	       },
	note = {Last accessed at 24/04/2024},
}


@online{js/eval,
	author = {{MDN contributors}},
	title = {eval()},
	year = {2024},
	url = {
	       https://developer.mozilla.org/en-US/docs/Web/JavaScript/Reference/Global_Objects/eval?retiredLocale=de
	       },
	note = {Last accessed at 28/04/2024},
}

@online{js/brackets,
	author = {{Ilya Kantor}},
	title = {Square brackets},
	year = {2024},
	url = { https://javascript.info/object#square-brackets },
	note = {Last accessed at 29/04/2024},
}

@online{js/constructor,
	author = {{Ilya Kantor}},
	title = {Constructor function},
	year = {2024},
	url = { https://javascript.info/constructor-new#constructor-function },
	note = {Last accessed at 30/04/2024},
}

@online{js/array,
	author = {{MDN contributors}},
	title = {Array},
	year = {2024},
	url = {
	       https://developer.mozilla.org/en-US/docs/Web/JavaScript/Reference/Global_Objects/Array#description
	       },
	note = {Last accessed at 30/04/2024},
}

@online{js/function,
	author = {{MDN contributors}},
	title = {Function},
	year = {2024},
	url = {
	       https://developer.mozilla.org/en-US/docs/Web/JavaScript/Reference/Global_Objects/Function
	       },
	note = {Last accessed at 30/04/2024},
}

@online{js/object,
	author = {{MDN contributors}},
	title = {Object.prototype.constructor},
	year = {2024},
	url = {
	       https://developer.mozilla.org/en-US/docs/Web/JavaScript/Reference/Global_Objects/Object/constructor
	       },
	note = {Last accessed at 30/04/2024},
}

@online{js/+,
	author = {{MDN contributors}},
	title = {Addition (+)},
	year = {2024},
	url = {
	       https://developer.mozilla.org/en-US/docs/Web/JavaScript/Reference/Operators/Addition
	       },
	note = {Last accessed at 30/04/2024},
}

@online{js/primitiveCoercion,
	author = {{MDN contributors}},
	title = {Primitive coercion},
	year = {2024},
	url = {
	       https://developer.mozilla.org/en-US/docs/Web/JavaScript/Data_structures#primitive_coercion
	       },
	note = {Last accessed at 30/04/2024},
}

@online{js/stringbrackets,
	author = {{MDN contributors}},
	title = {Character access},
	year = {2024},
	url = {
	       https://developer.mozilla.org/en-US/docs/Web/JavaScript/Reference/Global_Objects/String#character_access
	       },
	note = {Last accessed at 30/04/2024},
}
